<?xml version="1.0" encoding="UTF-8"?><collection xmlns="http://www.loc.gov/MARC21/slim"><record><leader>00747nam--2200217-i-4500</leader><controlfield tag="001">000044024</controlfield><controlfield tag="002">20161230</controlfield><controlfield tag="005">20161230201044</controlfield><controlfield tag="008">060222s1000------------r-----000-0-eng-d</controlfield><datafield ind1=" " ind2=" " tag="020"><subfield code="a">0444868232</subfield></datafield><datafield ind1=" " ind2=" " tag="040"><subfield code="a">IFIN-HH</subfield></datafield><datafield ind1=" " ind2=" " tag="080"><subfield code="a">539.1(061.3)</subfield></datafield><datafield ind1="1" ind2=" " tag="100"><subfield code="a">Grynberg, Gilbert</subfield></datafield><datafield ind1="1" ind2="0" tag="245"><subfield code="a">Tendances actuelles en physique atomique. new trends in atomic physics</subfield><subfield code="b">Les houches 1982 session xxxviii 28 juin 29 juillet 1982</subfield><subfield code="c">Gilbert grynberg, raymond stora (eds.)</subfield></datafield><datafield ind1=" " ind2=" " tag="260"><subfield code="a">Amsterdam</subfield><subfield code="b">North-holland Physics Publishing</subfield><subfield code="c">1984</subfield></datafield><datafield ind1=" " ind2=" " tag="300"><subfield code="a">2 VOLUME</subfield></datafield><datafield ind1=" " ind2=" " tag="490"><subfield code="a">Les Houches, Ecole D`Ete De Physique Theorique</subfield></datafield><datafield ind1="1" ind2=" " tag="700"><subfield code="a">Stora, Raymond</subfield><subfield code="e">Ed</subfield></datafield><datafield ind1="1" ind2=" " tag="787"><subfield code="a">Volume Ii</subfield><subfield code="h">Xxvi+/554p./1251p</subfield></datafield><datafield ind1=" " ind2=" " tag="852"><subfield code="a">73146</subfield><subfield code="c">539</subfield></datafield><datafield ind1=" " ind2=" " tag="CAT"><subfield code="a">Sys</subfield><subfield code="c">20111013</subfield><subfield code="h">140734</subfield></datafield></record></collection>